@article{belkin-2003,
 author = {Belkin, Mikhail and Niyogi, Partha},
 title = {Laplacian Eigenmaps for Dimensionality Reduction and Data Representation},
 journal = {Neural Comput.},
 issue_date = {June 2003},
 volume = {15},
 number = {6},
 month = jun,
 year = {2003},
 issn = {0899-7667},
 pages = {1373--1396},
 numpages = {24},
 url = {http://dx.doi.org/10.1162/089976603321780317},
 doi = {10.1162/089976603321780317},
 acmid = {795528},
 publisher = {MIT Press},
 address = {Cambridge, MA, USA},
}
@article{lloyd-1982,
author={S. Lloyd},
journal={IEEE Transactions on Information Theory},
title={Least squares quantization in PCM},
year={1982},
volume={28},
number={2},
pages={129-137},
keywords={Least-squares approximation;PCM communication;Quantization (signal);Signal quantization},
doi={10.1109/TIT.1982.1056489},
ISSN={0018-9448},
month={March},}
